<?xml version="1.0" encoding="UTF-8"?><collection xmlns="http://www.loc.gov/MARC21/slim"><record><leader>00375nam--2200145-i-4500</leader><controlfield tag="001">000003352</controlfield><controlfield tag="002">20161230</controlfield><controlfield tag="005">20170207235617</controlfield><controlfield tag="008">060222s1000------------r-----000-0-eng-d</controlfield><datafield ind1=" " ind2=" " tag="100"><subfield code="a">Clairaut, Alexis-Claude</subfield></datafield><datafield ind1=" " ind2=" " tag="245"><subfield code="a">Elements de geometrie</subfield></datafield><datafield ind1=" " ind2=" " tag="260"><subfield code="a">Paris</subfield><subfield code="b">Ed.Gauthier-Villars</subfield><subfield code="c">1920</subfield></datafield><datafield ind1=" " ind2=" " tag="300"><subfield code="a">95 p</subfield></datafield><datafield ind1=" " ind2=" " tag="852"><subfield code="a">51(075.3):513.0+513.1/4</subfield></datafield><datafield ind1=" " ind2=" " tag="CAT"><subfield code="a">SYS</subfield><subfield code="c">20170207</subfield><subfield code="h">235617</subfield></datafield></record></collection>